
@article{JCi:2018:Histograms,
	author = {Cicho\'{n}, Jacek and Gotfryd, Karol},
	title = {Average Counting via Approximate Histograms},
	journal = {ACM Trans. Sen. Netw.},
	issue_date = {July 2018},
	volume = {14},
	number = {2},
	month = mar,
	year = {2018},
	issn = {1550-4859},
	pages = {8:1--8:32},
	articleno = {8},
	numpages = {32},
	url = {http://doi.acm.org/10.1145/3177922},
	doi = {10.1145/3177922},
	acmid = {3177922},
	publisher = {ACM},
	address = {New York, NY, USA},
} 

@InProceedings{Nugroho:2020:AveragingTS,
	author = {Nugroho, Saptadi
		and Weinmann, Alexander
		and Schindelhauer, Christian
		and Christ, Andreas},
	editor = {Fernando De La Prieta et al.},
	title={Averaging Emulated Time-Series Data Using Approximate Histograms in Peer to Peer Networks},
	booktitle={Highlights in Practical Applications of Agents, Multi-Agent Systems, and Trust-worthiness. The PAAMS Collection},
	year={2020},
	publisher={Springer International Publishing},
	address={Cham},
	pages={339--346},
	isbn={978-3-030-51999-5}
}



@book{Ross:2010:IntroductoryStat,
	title={Introductory Statistics},
	author={Ross, S.M.},
	isbn={978-0-08-092210-2},
	edition = {{T}hird},
	url={https://www.sciencedirect.com/book/9780123743886/introductory-statistics},
	year={2010},
	publisher={Academic Press}
}

@book{Moore:2009:IntroPracticeStat,
	title={Introduction to the Practice of Statistics},
	author={Moore, D.S. and McCabe, G.P. and Craig, B.A.},
	isbn={9781429216227},
	edition = {{S}ixth},
	year={2009},
	publisher={W.H. Freeman and Company}
}

@book{MitzenmacherUpfal2005,
	author = {Mitzenmacher, Michael and Upfal, Eli},
	title = {Probability and Computing: Randomized Algorithms and Probabilistic Analysis},
	year = {2005},
	isbn = {0521835402},
	publisher = {Cambridge University Press},
	address = {USA}
}

@book{Levin2009,
	author = {Levin, D A and Peres, Yuval and Wilmer, E L},
	title = {{Markov Chains and Mixing Times}},
	edition = {2nd},
	publisher = {American Mathematical Society},
	url = {https://pages.uoregon.edu/dlevin/MARKOV/mcmt2e.pdf},
	year = {2009}
}

@book{Haggstrom2002,
	author = {H{\"{a}}ggstr{\"{o}}m, Olle},
	title = {{Finite Markov Chains and Algorithmic Applications}},
	edition = {3rd},
	publisher = {Cambridge University Press},
	year = {2002}
}

@book{Billingsley:2012:Anniversary,
	title =     {Probability and Measure},
	author =    {Patrick Billingsley},
	publisher = {John Wiley \& Sons},
	isbn =      {1118122372, 978-1118122372},
	year =      {2012},
	series =    {Wiley Series in Probability and Statistics},
	edition =   {Anniversary},
}

@book{Billingsley:1995:3rd,
	title = 		{Probability and Measure},
	author =		{Patrick Billingsley},
	isbn =			{9780471007104},
	series = 		{Wiley Series in Probability and Statistics},
	year =			{1995},
	publisher =	{John Wiley \& Sons},
	edition =   {3rd}
}

@book{Motwani:Randomized,
	title={Randomized Algorithms},
	author={Motwani, Rajeev and Raghavan, Prabhakar},
	isbn={9780521474658},
	year={1995},
	publisher={Cambridge University Press},
	edition={1st}
}
